@book{Camm2022-zv,
  title     = {An introduction to management science: Quantitative approaches to
               decision making},
  author    = {Camm, Jeffrey and Cochran, James and Fry, Michael and Ohlmann,
               Jeffrey and Anderson, David and Sweeney, Dennis and Williams,
               Thomas},
  publisher = {South-Western College Publishing},
  address   = {Florence, AL},
  edition   = 16,
  month     = mar,
  year      = 2022,
  language  = {en}
}

@book{Hillier2025-cb,
  title     = {{ISE} introduction to operations research},
  author    = {Hillier, Frederick and Lieberman, Gerald},
  publisher = {McGraw-Hill Education},
  address   = {Columbus, OH},
  edition   = 11,
  month     = mar,
  year      = 2025,
  language  = {en}
}

@article{scarf1960optimality,
  title     = {The optimality of (S, s) policies in the dynamic inventory problem},
  author    = {Scarf, Herbert},
  year      = {1960},
  publisher = {Stanford University Press Stanford, CA}
}